<?xml version="1.0" encoding="UTF-8"?><collection xmlns="http://www.loc.gov/MARC21/slim"><record><leader>00455nam--2200169-i-4500</leader><controlfield tag="001">000040237</controlfield><controlfield tag="002">20161230</controlfield><controlfield tag="005">20161230201042</controlfield><controlfield tag="008">060222s1000------------r-----000-0-eng-d</controlfield><datafield ind1=" " ind2=" " tag="040"><subfield code="a">IFIN-HH</subfield></datafield><datafield ind1=" " ind2=" " tag="080"><subfield code="a">523(08)</subfield></datafield><datafield ind1="1" ind2=" " tag="100"><subfield code="a">Sandage, Allan</subfield></datafield><datafield ind1="1" ind2="0" tag="245"><subfield code="a">The hubble atlas of galaxies</subfield><subfield code="c">Allan sandage</subfield></datafield><datafield ind1=" " ind2=" " tag="260"><subfield code="a">Washington</subfield><subfield code="b">Carnegie Institution Of Washington, D.C</subfield><subfield code="c">1961</subfield></datafield><datafield ind1=" " ind2=" " tag="300"><subfield code="a">VIII + 50 P</subfield></datafield><datafield ind1=" " ind2=" " tag="852"><subfield code="a">21699</subfield><subfield code="c">523</subfield></datafield><datafield ind1=" " ind2=" " tag="CAT"><subfield code="a">Sys</subfield><subfield code="c">20130828</subfield><subfield code="h">151840</subfield></datafield></record></collection>